@article{Finke2021,
  doi = {10.1371/journal.pcbi.1008638},
  url = {https://doi.org/10.1371/journal.pcbi.1008638},
  year = {2021},
  month = feb,
  publisher = {Public Library of Science ({PLoS})},
  volume = {17},
  number = {2},
  pages = {e1008638},
  author = {Kelly Finke and Michael Kourakos and Gabriela Brown and Huyen Trang Dang and Shi Jie Samuel Tan and Yuval B. Simons and Shweta Ramdas and Alejandro A. Sch\"{a}ffer and Rachel L. Kember and Maja Bu{\'{c}}an and Sara Mathieson},
  editor = {Degui Zhi},
  title = {Ancestral haplotype reconstruction in endogamous populations using identity-by-descent},
  journal = {{PLOS} Computational Biology}
}
@article{Jewett2021,
  title={Bonsai: An efficient method for inferring large human pedigrees from genotype data},
  author={Jewett, Ethan M and McManus, Kimberly F and Freyman, William A and Auton, Adam and 23andMe Research Team and others},
  journal={The American Journal of Human Genetics},
  volume={108},
  number={11},
  pages={2052--2070},
  year={2021},
  publisher={Elsevier}
}

@article{Freyman2021,
  title={Fast and robust identity-by-descent inference with the templated positional burrows--wheeler transform},
  author={Freyman, William A and McManus, Kimberly F and Shringarpure, Suyash S and Jewett, Ethan M and Bryc, Katarzyna and 23 and Me Research Team and Auton, Adam},
  journal={Molecular Biology and Evolution},
  volume={38},
  number={5},
  pages={2131--2151},
  year={2021},
  publisher={Oxford University Press}
}
